@article{2012,
  author = {CMS/CERN},
  title = {{A New Boson with a Mass of 125 GeV Observed with the CMS Experiment at the Large Hadron Collider}},
  volume = {338},
  number = {6114},
  pages = {1569-1575},
  year = {2012},
  doi = {10.1126/science.1230816},
  eprint = {http://www.sciencemag.org/content/338/6114/1569.full.pdf},
  journal = {Science},
}


@article{Holstein_2009,
  doi = {10.1088/1742-6596/173/1/012019},
  url = {http://dx.doi.org/10.1088/1742-6596/173/1/012019},
  year = {2009},
  month = {jun},
  publisher = {{IOP} Publishing},
  volume = {173},
  pages = {012019},
  author = {Barry R Holstein},
  title = {{The mysterious disappearance of Ettore Majorana}},
  journal = {J. Phys.: Conf. Ser.},
}


@book{2006,
  doi = {10.1007/3-540-29464-3},
  url = {https://doi.org/10.1007%2F3-540-29464-3},
  year = {2006},
  publisher = {Springer-Verlag},
  title = {{The Quantum Mechanics Solver}},
  author = {Jean-Louis Basdevant, Jean Dalibard},
}


@misc{Jendrzejewski,
  doi = {10.22541/au.153962527.79494101},
  url = {https://doi.org/10.22541%2Fau.153962527.79494101},
  publisher = {Authorea Inc.},
  author = {Fred Jendrzejewski and Selim Jochim and Matthias Weidem ller},
  title = {{Lecture 1 - Some cooking recipes for Quantum Mechanics}},
}
